@ARTICLE{bowman:reasoning,
    author = {Bowman, Mic and Debray, Saumya K. and Peterson, Larry L.},
    title = {Reasoning About Naming Systems},
    journal = {ACM Trans. Program. Lang. Syst.},
    volume = {15},
    number = {5},
    pages = {795-825},
    month = {November},
    year = {1993},
    doi = {10.1145/161468.161471},
}

@ARTICLE{braams:babel,
    author = {Braams, Johannes},
    title = {Babel, a Multilingual Style-Option System for Use with LaTeX's Standard Document Styles},
    journal = {TUGboat},
    volume = {12},
    number = {2},
    pages = {291-301},
    month = {June},
    year = {1991},
}

@INPROCEEDINGS{clark:pct,
	AUTHOR = "Malcolm Clark",
	TITLE = "Post Congress Tristesse",
	BOOKTITLE = "TeX90 Conference Proceedings",
	PAGES = "84-89",
	ORGANIZATION = "TeX Users Group",
	MONTH = "March", 
	YEAR = {1991}	}

@ARTICLE{herlihy:methodology,
    author = {Herlihy, Maurice},
    title = {A Methodology for Implementing Highly Concurrent Data Objects},
    journal = {ACM Trans. Program. Lang. Syst.},
    volume = {15},
    number = {5},
    pages = {745-770},
    month = {November},
    year = {1993},
    doi = {10.1145/161468.161469},
}

@BOOK{Lamport:LaTeX,
	AUTHOR = "Leslie Lamport",
	TITLE = "LaTeX User's Guide and Document Reference Manual",
	PUBLISHER = "Addison-Wesley Publishing Company",
	ADDRESS = "Reading, Massachusetts",
	YEAR = "1986"	}

@MANUAL{Agda-doc-2017,
  title = {Agda's Documentation},
  year = 2017,
  note = {\url{http://agda.readthedocs.io/en/latest/language/reflection.html}}
}

@INPROCEEDINGS{David-2016,
  title = {Elaborator Reflection: Extending Idris in Idris},
  author = {David Christiansen and Edwin Brady},
  address = {Nara, Japan},
  month = {September},
  year = 2016,
  publisher = {ACM},
  booktitle = {Proceedings of the 21st ACM SIGPLAN International Conference on Functional Programming (ICFP ’16)}
}

@INPROCEEDINGS{Angiuli-2014,
  title = 	 {Homotopical Patch Theory},
  author =	 {Carlo Angiuli and Edward Morehouse and Daniel R. Licata and Robert Harper},
  month =	 {September},
  year =	 2014,
  publisher = 	 {ACM},
  booktitle = 	 {Proceedings of the 19th ACM SIGPLAN International Conference on Functional Programming (ICFP ’14).}
}

@Book{HoTT-2013,
  author = {The {Univalent Foundations Program}},
  title = {Homotopy Type Theory: Univalent Foundations of Mathematics},
  publisher = {\url{https://homotopytypetheory.org/book}},
  address = {Institute for Advanced Study},
  year = 2013
}

@UNPUBLISHED{Licata-2011,
  title = {Running Circles Around (In) Your Proof Assistant; or, Quotients that Compute},
  author = {Daniel R. Licata},
  month = {April},
  year = 2011,
  note = {\url{https://homotopytypetheory.org/2011/04/23/running-circles-around-in-your-proof-assistant}}
}

@UNPUBLISHED{Coq-2009,
  title = {The Coq proof assistant reference manual, version 8.2},
  author = {Coq Development Team},
  address = {INRIA},
  year = 2009,
  note = {\url{https://coq.inria.fr/}}
}

@UNPUBLISHED{Agda-2007,
  title = {Towards a practical programming language based on dependent type theory},
  author = {Ulf Norell},
  address = {Sweden},
  year = 2007,
}

@BOOK{salas:calculus,
	AUTHOR = "S.L. Salas and Einar Hille",
	TITLE = "Calculus: One and Several Variable",
	PUBLISHER = "John Wiley and Sons",
	ADDRESS = "New York",
	YEAR = "1978"	}

@MANUAL{Fear05,
  title = 	 {Publication quality tables in {\LaTeX}},
  author =	 {Simon Fear},
  month =	 {April},
  year =	 2005,
  note =	 {\url{http://www.ctan.org/pkg/booktabs}}
}

@Manual{Amsthm15,
  title = 	 {Using the amsthm Package},
  organization = {American Mathematical Society},
  month =	 {April},
  year =	 2015,
  note =	 {\url{http://www.ctan.org/pkg/amsthm}}
}

